@Book{Cameron+Trivedi:2013,
  author = {A. Colin Cameron and Pravin K. Trivedi},
  title = {Regression Analysis of Count Data},
  year = {2013},
  edition = {2nd},
  publisher = {Cambridge University Press},
  address = {Cambridge},
}

@Book{Chambers+Hastie:1992,
  editor = {John M. Chambers and Trevor J. Hastie},
  title = {Statistical Models in \proglang{S}},
  publisher = {Chapman \& Hall},
  year = {1992},
  address = {London},
}

@Manual{Jackman:2015,
  title = {\pkg{pscl}: Classes and Methods for \proglang{R} Developed in the Political Science Computational Laboratory, Stanford University},
  author = {Simon Jackman},
  year = {2015},
  note = {\proglang{R} package version 1.4.9},
  url = {https://CRAN.R-project.org/package=pscl},
}

@Article{Mullahy:1986,
  author = {John Mullahy},
  title = {Specification and Testing of Some Modified Count Data Models},
  year = {1986},
  journal = {Journal of Econometrics},
  volume = {33},
  number = {3},
  pages = {341--365},
  doi = {10.1016/0304-4076(86)90002-3},
}

@Book{McCullagh+Nelder:1989,
  author = {Peter McCullagh and John A. Nelder},
  title = {Generalized Linear Models},
  edition = {2nd},
  year = {1989},
  publisher = {Chapman \& Hall},
  address = {London},
  doi = {10.1007/978-1-4899-3242-6},
}

@Manual{R,
  title = {\proglang{R}: {A} Language and Environment for Statistical Computing},
  author = {{\proglang{R} Core Team}},
  organization = {\proglang{R} Foundation for Statistical Computing},
  address = {Vienna, Austria},
  year = {2017},
  url = {https://www.R-project.org/},
}

@Article{Stasinopoulos+Rigby:2007,
  author = {D. Mikis Stasinopoulos and Robert A. Rigby},
  title = {Generalized Additive Models for Location Scale and Shape ({GAMLSS}) in \proglang{R}},
  journal = {Journal of Statistical Software},
  year = {2007},
  volume = {23},
  number = {7},
  pages = {1--46},
  doi = {10.18637/jss.v023.i07},
}

@Book{Venables+Ripley:2002,
  author = {William N. Venables and Brian D. Ripley},
  title = {Modern Applied Statistics with \proglang{S}},
  edition = {4th},
  year = {2002},
  pages = {495},
  publisher = {Springer-Verlag},
  address = {New York},
  doi = {10.1007/978-0-387-21706-2},
}

@Book{Wood:2006,
  author = {Simon N. Wood},
  title = {Generalized Additive Models: An Introduction with \proglang{R}},
  year = {2006},
  publisher = {Chapman \& Hall/CRC},
  address = {Boca Raton},
}

@Article{Yee:2009,
  author = {Thomas W. Yee},
  title = {The \pkg{VGAM} Package for Categorical Data Analysis},
  journal = {Journal of Statistical Software},
  year = {2010},
  volume = {32},
  number = {10},
  pages = {1--34},
  doi = {10.18637/jss.v032.i10},
}

@Article{Zeileis+Kleiber+Jackman:2008,
  author = {Achim Zeileis and Christian Kleiber and Simon Jackman},
  title = {Regression Models for Count Data in \proglang{R}},
  journal = {Journal of Statistical Software},
  year = {2008},
  volume = {27},
  number = {8},
  pages = {1--25},
  doi = {10.18637/jss.v027.i08},
}

@article{giannoneetal2008,
  title={Nowcasting: The real-time informational content of macroeconomic data},
  author={Giannone, Domenico and Reichlin, Lucrezia and Small, David},
  journal={Journal of Monetary Economics},
  volume={55},
  number={4},
  pages={665--676},
  year={2008},
  publisher={Elsevier}
}

@article{stockwatson2002a,
  title={Forecasting using principal components from a large number of predictors},
  author={Stock, James H and Watson, Mark W},
  journal={Journal of the American statistical association},
  volume={97},
  number={460},
  pages={1167--1179},
  year={2002},
  publisher={Taylor \& Francis}
}

@article{stockwatson2002b,
  title={Macroeconomic forecasting using diffusion indexes},
  author={Stock, James H and Watson, Mark W},
  journal={Journal of Business \& Economic Statistics},
  volume={20},
  number={2},
  pages={147--162},
  year={2002},
  publisher={Taylor \& Francis}
}

@article{geweke1977,
  title={The dynamic factor analysis of economic time series},
  author={Geweke, John},
  journal={Latent variables in socio-economic models},
  year={1977},
  publisher={North-Holland}
}

@article{sargentsims1977,
  title={Business cycle modeling without pretending to have too much a priori economic theory},
  author={Sargent, Thomas J and Sims, Christopher A and others},
  journal={New methods in business cycle research},
  volume={1},
  pages={145--168},
  year={1977}
}

@article{stockwatson2006,
  title={Forecasting with many predictors},
  author={Stock, James H and Watson, Mark W},
  journal={Handbook of economic forecasting},
  volume={1},
  pages={515--554},
  year={2006},
  publisher={Elsevier}
}

@article{fornietal2000,
  title={The generalized dynamic-factor model: Identification and estimation},
  author={Forni, Mario and Hallin, Marc and Lippi, Marco and Reichlin, Lucrezia},
  journal={The review of Economics and Statistics},
  volume={82},
  number={4},
  pages={540--554},
  year={2000},
  publisher={MIT Press}
}

@article{fornietal2001,
  title={The generalized dynamic factor model: representation theory},
  author={Forni, Mario and Lippi, Marco},
  journal={Econometric theory},
  volume={17},
  number={6},
  pages={1113--1141},
  year={2001},
  publisher={Cambridge University Press}
}

@article{fornietal2004,
  title={The generalized dynamic factor model consistency and rates},
  author={Forni, Mario and Hallin, Marc and Lippi, Marco and Reichlin, Lucrezia},
  journal={Journal of Econometrics},
  volume={119},
  number={2},
  pages={231--255},
  year={2004},
  publisher={Elsevier}
}

@article{evans2005,
  title={Where are we now? real-time estimates of the macroeconomy},
  author={Evans, Martin DD},
  year={2005},
  journal={International Journal of Central Banking},
  volume={1},
  number={2}
}

@article{stockwatson2011,
  title={Dynamic factor models},
  author={Stock, James H and Watson, Mark},
  journal={Oxford Handbook on Economic Forecasting},
  year={2011},
  publisher={Oxford University Press}
}

@article{baing2008,
  title={Large dimensional factor analysis},
  author={Bai, Jushan and Ng, Serena and others},
  journal={Foundations and Trends{\textregistered} in Econometrics},
  volume={3},
  number={2},
  pages={89--163},
  year={2008},
  publisher={Now Publishers, Inc.}
}

@incollection{quahsargent1993,
  title={A dynamic index model for large cross sections},
  author={Quah, Danny and Sargent, Thomas J},
  booktitle={Business cycles, indicators and forecasting},
  pages={285--310},
  year={1993},
  publisher={University of Chicago Press}
}

@article{englewatson1981,
  title={A one-factor multivariate time series model of metropolitan wage rates},
  author={Engle, Robert and Watson, Mark},
  journal={Journal of the American Statistical Association},
  volume={76},
  number={376},
  pages={774--781},
  year={1981},
  publisher={Taylor \& Francis Group}
}

@article{chamberlainrothschield1983,
  title={Arbitrage, factor structure, and mean-variance analysis on large asset markets},
  author={Chamberlain, Gary and Rothschild, Michael},
  year={1983},
  journal={Econometrica},
  volume={51},
  number={5},
  pages={1281-1304},
  publisher={JSTOR}
}

@article{chamberlain1983,
  title={Funds, factors, and diversification in arbitrage pricing models},
  author={Chamberlain, Gary},
  journal={Econometrica: Journal of the Econometric Society},
  pages={1305--1323},
  volume={51},
  number={5},
  year={1983},
  publisher={JSTOR}
}

@techreport{stockwatson2005,
  title={Implications of dynamic factor models for VAR analysis},
  author={Stock, James H and Watson, Mark W},
  year={2005},
  institution={National Bureau of Economic Research}
}

@article{dozetal2011,
  title={A two-step estimator for large approximate dynamic factor models based on Kalman filtering},
  author={Doz, Catherine and Giannone, Domenico and Reichlin, Lucrezia},
  journal={Journal of Econometrics},
  volume={164},
  number={1},
  pages={188--205},
  year={2011},
  publisher={Elsevier}
}

@article{watsonengle1983,
  title={Alternative algorithms for the estimation of dynamic factor, mimic and varying coefficient regression models},
  author={Watson, Mark W and Engle, Robert F},
  journal={Journal of Econometrics},
  volume={23},
  number={3},
  pages={385--400},
  year={1983},
  publisher={Elsevier}
}

@article{dozetal2006,
  title={A quasi--maximum likelihood approach for large, approximate dynamic factor models},
  author={Doz, Catherine and Giannone, Domenico and Reichlin, Lucrezia},
  journal={ECB Working Paper 674},
  year = {2006}
}

@article{banburaetal2013,
  title={Now-casting and the real-time data flow},
  author={Banbura, Marta and Giannone, Domenico and Modugno, Michele and Reichlin, Lucrezia},
  journal={Handbook of economic forecasting},
  volume={2},
  pages={193--224},
  year={2013},
  publisher={Elsevier}
}

@article{banburaetal2011,
  title={Nowcasting},
  author={Banbura, Marta and Giannone, Domenico and Reichlin, Lucrezia},
  journal={Oxford Handbook on Economic Forecasting},
  year={2011},
  publisher={Oxford University Press}
}

@article{castleetal2009,
  title={Nowcasting is not just contemporaneous forecasting},
  author={Castle, Jennifer L and Fawcett, Nicholas WP and Hendry, David F},
  journal={National Institute Economic Review},
  volume={210},
  number={1},
  pages={71--89},
  year={2009},
  publisher={SAGE Publications Sage UK: London, England}
}

@article{marianomurasawa2003,
  title={A new coincident index of business cycles based on monthly and quarterly series},
  author={Mariano, Roberto S and Murasawa, Yasutomo},
  journal={Journal of applied Econometrics},
  volume={18},
  number={4},
  pages={427--443},
  year={2003},
  publisher={Wiley Online Library}
}

@article{stockwatson1989,
  title={New indexes of coincident and leading economic indicators},
  author={Stock, James H and Watson, Mark W},
  journal={NBER macroeconomics annual},
  volume={4},
  pages={351--394},
  year={1989},
  publisher={MIT press}
}

@article{aruobaetal2009,
  title={Real-time measurement of business conditions},
  author={Aruoba, S Bora{\u{g}}an and Diebold, Francis X and Scotti, Chiara},
  journal={Journal of Business \& Economic Statistics},
  volume={27},
  number={4},
  pages={417--427},
  year={2009},
  publisher={Taylor \& Francis}
}

@article{boivinng2006,
  title={Are more data always better for factor analysis?},
  author={Boivin, Jean and Ng, Serena},
  journal={Journal of Econometrics},
  volume={132},
  number={1},
  pages={169--194},
  year={2006},
  publisher={Elsevier}
}

@article{isslernotini2016,
  title={Estimating Brazilian Monthly GDP: a State-Space Approach},
  author={Issler, Jo{\~a}o Victor and Notini, Hilton Hostalacio},
  journal={Revista Brasileira de Economia},
  volume={70},
  number={1},
  pages={41--59},
  year={2016},
  publisher={SciELO Brasil}
}

@article{gaglianoneetal2017,
  title={Applying a microfounded-forecasting approach to predict Brazilian inflation},
  author={Gaglianone, Wagner Piazza and Issler, Jo{\~a}o Victor and Matos, Silvia Maria},
  journal={Empirical Economics},
  volume={53},
  number={1},
  pages={137--163},
  year={2017},
  publisher={Springer}
}

@article{tibshirani1996,
  title={Regression shrinkage and selection via the lasso},
  author={Tibshirani, Robert},
  journal={Journal of the Royal Statistical Society. Series B (Methodological)},
  pages={267--288},
  year={1996},
  publisher={JSTOR}
}

@article{banburarunstler2011,
  title={A look into the factor model black box: publication lags and the role of hard and soft data in forecasting GDP},
  author={Ba{\'n}bura, Marta and R{\"u}nstler, Gerhard},
  journal={International Journal of Forecasting},
  volume={27},
  number={2},
  pages={333--346},
  year={2011},
  publisher={Elsevier}
}

@article{banburamodugno2014,
  title={Maximum likelihood estimation of factor models on datasets with arbitrary pattern of missing data},
  author={Ba{\'n}bura, Marta and Modugno, Michele},
  journal={Journal of Applied Econometrics},
  volume={29},
  number={1},
  pages={133--160},
  year={2014},
  publisher={Wiley Online Library}
}
